<?xml version="1.0" encoding="UTF-8"?><record xmlns="http://www.loc.gov/MARC21/slim" xmlns:cinclude="http://apache.org/cocoon/include/1.0" xmlns:zs="http://www.loc.gov/zing/srw/">
  <leader>00852cz  a2200205n  4500</leader>
  <controlfield tag="001">n  85234959 </controlfield>
  <controlfield tag="003">DLC</controlfield>
  <controlfield tag="005">20080921080548.0</controlfield>
  <controlfield tag="008">850918n| acannaabn          |b aaa      </controlfield>
  <datafield tag="010" ind1=" " ind2=" ">
    <subfield code="a">n  85234959 </subfield>
  </datafield>
  <datafield tag="035" ind1=" " ind2=" ">
    <subfield code="a">(OCoLC)oca01400743</subfield>
  </datafield>
  <datafield tag="040" ind1=" " ind2=" ">
    <subfield code="a">DLC</subfield>
    <subfield code="b">eng</subfield>
    <subfield code="c">DLC</subfield>
    <subfield code="d">DLC</subfield>
    <subfield code="d">DLC-R</subfield>
    <subfield code="d">OCoLC</subfield>
  </datafield>
  <datafield tag="100" ind1="1" ind2=" ">
    <subfield code="a">Sŏ, Chŏng-gap,</subfield>
    <subfield code="d">1914-</subfield>
  </datafield>
  <datafield tag="400" ind1="1" ind2=" ">
    <subfield code="a">Sŏ, Tanya,</subfield>
    <subfield code="d">1914-</subfield>
  </datafield>
  <datafield tag="400" ind1="1" ind2=" ">
    <subfield code="a">Sŏ, Tan-ya,</subfield>
    <subfield code="d">1914-</subfield>
  </datafield>
  <datafield tag="400" ind1="1" ind2=" ">
    <subfield code="a">徐廷甲,</subfield>
    <subfield code="d">1914-</subfield>
  </datafield>
  <datafield tag="667" ind1=" " ind2=" ">
    <subfield code="a">Machine-derived non-Latin script reference project.</subfield>
  </datafield>
  <datafield tag="667" ind1=" " ind2=" ">
    <subfield code="a">Non-Latin script reference not evaluated.</subfield>
  </datafield>
  <datafield tag="670" ind1=" " ind2=" ">
    <subfield code="a">His Chusŏk silmu kaejŏng Sangpŏp chʻongnam, 1984:</subfield>
    <subfield code="b">t.p. (Sŏ Chŏng-gap) colophon (prof., Tongguk Taehakkyo)</subfield>
  </datafield>
  <datafield tag="670" ind1=" " ind2=" ">
    <subfield code="a">Sangpŏphak ŭi hyŏndaejŏk kwaje, 1986:</subfield>
    <subfield code="b">t.p. (Sŏ Chŏng-gap) vita (b. 7/16/14 in Chʻungnam Poryŏng-gun; grad., Ilbon Kyŏngdo Cheguk Taehak; h. Tanya)</subfield>
  </datafield>
</record>